@inproceedings{ouyang2022training,
  title={Training language models to follow instructions with human feedback},
  author={Ouyang, Long and Wu, Jeffrey and Jiang, Xu and Almeida, Diogo and Wainwright, Carroll and Mishkin, Pamela and Zhang, Chong and Agarwal, Sandhini and Slama, Katarina and Ray, Alex and others},
  booktitle={Advances in neural information processing systems},
  volume={35},
  pages={27730--27744},
  year={2022}
}

@article{wang2024survey,
  title={A survey on large language model based autonomous agents},
  author={Wang, Lei and Ma, Chen and Feng, Xueyang and Zhang, Zeyu and Yang, Hao and Zhang, Jingsen and Chen, Zhiyuan and Tang, Jiakai and Chen, Xu and Lin, Yankai and others},
  journal={Frontiers of Computer Science},
  volume={18},
  number={6},
  pages={186345},
  year={2024},
  publisher={Springer}
}

@article{greenbergebpf,
  title={eBPF for Storage: An Exokernel-Inspired Approach},
  author={Greenberg, Yotam Harchol Sarah and Panda, Aurojit},
  year={2021}
}

@inproceedings{mccanne1993bsd,
  title={The BSD packet filter: A new architecture for user-level packet capture},
  author={McCanne, Steven and Jacobson, Van},
  booktitle={USENIX winter},
  volume={46},
  year={1993}
}

@misc{langchain,
  title={LangChain: Building applications with LLMs through composability},
  author={Chase, Harrison},
  year={2023},
  url={https://github.com/langchain-ai/langchain}
}

@misc{autogen,
  title={AutoGen: Enable Next-Gen Large Language Model Applications},
  author={Wu, Qingyun and Bansal, Gagan and Zhang, Jieyu and Wu, Yiran and Zhang, Shaokun and Zhu, Erkang and Li, Beibin and Jiang, Li and Zhang, Xiaoyun and Wang, Chi},
  year={2023},
  url={https://github.com/microsoft/autogen}
}

@misc{semconv,
  title={Semantic Conventions for Generative AI Systems},
  author={OpenTelemetry Community},
  year={2024},
  url={https://opentelemetry.io/docs/specs/semconv/gen-ai/}
}

@book{brendangregg,
  title={BPF Performance Tools},
  author={Gregg, Brendan},
  year={2019},
  publisher={Addison-Wesley Professional}
}

@misc{ebpfio,
  title={eBPF Documentation},
  author={eBPF Community},
  year={2023},
  url={https://ebpf.io/}
}

@misc{kerneldoc,
  title={BPF Documentation - The Linux Kernel},
  author={Linux Kernel Community},
  year={2023},
  url={https://www.kernel.org/doc/html/latest/bpf/}
}

@misc{falco,
  title={Falco: Cloud Native Runtime Security},
  author={The Falco Authors},
  year={2023},
  url={https://falco.org/}
}

@misc{tracee,
  title={Tracee: Runtime Security and Forensics using eBPF},
  author={Aqua Security},
  year={2023},
  url={https://github.com/aquasecurity/tracee}
}

@misc{pixie,
  title={Pixie: Instant Kubernetes Observability},
  author={New Relic},
  year={2023},
  url={https://px.dev/}
}

@misc{tetragon,
  title={Tetragon: eBPF-based Security Observability and Runtime Enforcement},
  author={Cilium Project},
  year={2023},
  url={https://github.com/cilium/tetragon}
}