@inproceedings{wu2023autogen,
  author    = {Wu, Qingyun and Bansal, Gagan and Zhang, Jieyu and Wu, Yiran and Zhang, Shaokun and Zhu, Erkang and Jiang, Beidi and Li, Chaowei and Zhang, H. V. and Wang, Chi and others},
  title     = {{AutoGen}: Enabling Next-Gen {LLM} Applications via Multi-Agent Conversation},
  booktitle = {Proceedings of the 2023 Conference on Empirical Methods in Natural Language Processing},
  year      = {2023},
  url       = {https://arxiv.org/abs/2308.08155},
  note      = {Canonical paper for the AutoGen framework.}
}

@misc{langchain2025intro,
  author       = {{LangChain Inc.}},
  title        = {{LangChain Documentation: Introduction}},
  year         = {2025},
  howpublished = {\url{https://python.langchain.com/docs/introduction/}},
  note         = {Official documentation for the LangChain framework. Accessed: July 25, 2025.}
}

@misc{anthropic2025claudecode,
  author       = {{Anthropic}},
  title        = {Claude Code: Best Practices for Agentic Coding},
  year         = {2025},
  howpublished = {\url{https://www.anthropic.com/engineering/claude-code-best-practices}},
  month        = {April},
  note         = {Reference for Claude's coding agent capabilities. Accessed: July 25, 2025.}
}

@misc{google2025geminicli,
  author       = {Taylor Mullen and Ryan J. Salva},
  title        = {Gemini CLI: Your Open-Source AI Agent},
  year         = {2025},
  howpublished = {\url{https://blog.google/technology/developers/introducing-gemini-cli-open-source-ai-agent/}},
  month        = {June},
  note         = {Official announcement for the Gemini CLI. Accessed: July 25, 2025.}
}

@misc{langsmith2025,
  author       = {{LangChain Inc.}},
  title        = {LangSmith: Unified Observability & Evals Platform},
  year         = {2025},
  howpublished = {\url{https://www.langchain.com/langsmith}},
  note         = {Official product page. Accessed: July 25, 2025.}
}

@misc{helicone2025,
  author       = {{Helicone Inc.}},
  title        = {Helicone: LLM Observability Gateway},
  year         = {2025},
  howpublished = {\url{https://www.helicone.ai}},
  note         = {Official website. Accessed: July 25, 2025.}
}

@misc{traceloop,
  author       = {Traceloop},
  title        = {OpenLLMetry: Open-source observability for LLM applications},
  year         = {2024},
  howpublished = {\url{https://github.com/traceloop/openllmetry}},
  note         = {The successor to Traceloop, focusing on OpenTelemetry standards. Accessed: July 25, 2025.}
}

@misc{arize2025phoenix,
  author       = {{Arize AI}},
  title        = {Phoenix: Open-Source LLM Tracing & Evaluation},
  year         = {2025},
  howpublished = {\url{https://phoenix.arize.com}},
  note         = {Official project website. Accessed: July 25, 2025.}
}

@misc{langfuse2025,
  author       = {{Langfuse GmbH}},
  title        = {Langfuse: Open-Source LLM Engineering Platform},
  year         = {2025},
  howpublished = {\url{https://langfuse.com}},
  note         = {Official website. Accessed: July 25, 2025.}
}

@misc{whylabs_langkit,
  author       = {WhyLabs},
  title        = {LangKit: An open-source text metrics toolkit for monitoring language models},
  year         = {2023},
  howpublished = {\url{https://github.com/whylabs/langkit}},
  note         = {Official repository for the LangKit library. Accessed: July 25, 2025.}
}

@misc{promptlayer2025,
  author       = {{PromptLayer Inc.}},
  title        = {Complete AI Observability â€“ Monitor & Trace Your LLMs},
  year         = {2025},
  howpublished = {\url{https://www.promptlayer.com/platform/observability}},
  note         = {Official product page. Accessed: July 25, 2025.}
}

@misc{literalai2025,
  author       = {{Literal AI}},
  title        = {Literal AI: RAG LLM Evaluation & Observability Platform},
  year         = {2025},
  howpublished = {\url{https://www.literalai.com}},
  note         = {Official website. Accessed: July 25, 2025.}
}

@misc{wandb2025traces,
  author       = {{Weights & Biases}},
  title        = {Traces: Debug Agents and AI Applications},
  year         = {2025},
  howpublished = {\url{https://wandb.ai/site/traces}},
  note         = {Official page for W\&B Traces. Accessed: July 25, 2025.}
}

@misc{honeycomb2025genai,
  author       = {{Honeycomb.io}},
  title        = {Observability for AI Agents},
  year         = {2025},
  howpublished = {\url{https://www.honeycomb.io/technologies/ai-agents}},
  note         = {Solution page for Honeycomb's GenAI features. Accessed: July 25, 2025.}
}

@misc{otel_genai,
  author       = {OpenTelemetry},
  title        = {OpenTelemetry Semantic Conventions for GenAI},
  year         = {2024},
  howpublished = {\url{https://opentelemetry.io/docs/specs/semconv/gen-ai/}},
  note         = {Official specification for GenAI semantic conventions. Accessed: July 25, 2025.}
}

@misc{openinference,
  author       = {Arize AI and the OpenInference contributors},
  title        = {OpenInference: An Open Standard for AI Observability},
  year         = {2023},
  howpublished = {\url{https://github.com/OpenInference/OpenInference}},
  note         = {Official repository and specification for OpenInference. Accessed: July 25, 2025.}
}

@misc{ebpf,
  author       = {The eBPF Community},
  title        = {eBPF: Introduction, Tutorials & Community},
  year         = {2024},
  howpublished = {\url{https://ebpf.io}},
  note         = {Primary resource for eBPF technology. Accessed: July 25, 2025.}
}

@book{gregg2020bpf,
  title     = {BPF Performance Tools},
  author    = {Gregg, Brendan},
  year      = {2020},
  publisher = {Addison-Wesley Professional},
  isbn      = {978-0136554820},
  note      = {Authoritative book on eBPF, covering concepts like uprobes for TLS inspection.}
}

@inproceedings{perez2022ignore,
  title     = {Ignore This Title and Hack Away: A Taxonomy of Prompt Hacking Techniques},
  author    = {Perez, Fabian and Ribeiro, Ian},
  booktitle = {NeurIPS 2022 ML Safety Workshop},
  year      = {2022},
  url       = {https://arxiv.org/abs/2211.09527},
  note      = {Foundational work on prompt injection attacks.}
}

@inproceedings{greshake2023indirect,
  author    = {Greshake, Kai and Abdelnabi, Sahar and Mishra, Shailesh and Endres, Christoph and Holz, Thorsten and Fritz, Mario},
  title     = {Not what you've signed up for: Compromising Real-World {LLM}-Integrated Applications with Indirect Prompt Injection},
  booktitle = {Proceedings of the 16th ACM Workshop on Artificial Intelligence and Security},
  year      = {2023},
  url       = {https://arxiv.org/abs/2302.12173},
  note      = {Seminal paper on Indirect Prompt Injection.}
}

@inproceedings{wei2022chainofthought,
  author    = {Wei, Jason and Wang, Xuezhi and Schuurmans, Dale and Bosma, Maarten and Chi, Ed and Le, Quoc and Zhou, Denny},
  title     = {Chain-of-Thought Prompting Elicits Reasoning in Large Language Models},
  booktitle = {Advances in Neural Information Processing Systems},
  year      = {2022},
  url       = {https://proceedings.neurips.cc/paper_files/paper/2022/hash/9d569254361474428a1365345451d01f-Abstract-Conference.html},
  note      = {The canonical paper introducing Chain-of-Thought prompting.}
}

@misc{llamacpp,
  author       = {Gerganov, Georgi},
  title        = {llama.cpp: Inference of LLaMA model in pure C/C++},
  year         = {2023},
  howpublished = {\url{https://github.com/ggerganov/llama.cpp}},
  note         = {Official repository for the llama.cpp project. Accessed: July 25, 2025.}
}

@inproceedings{lewis2020rag,
  author    = {Lewis, Patrick and Perez, Ethan and Piktus, Aleksandra and Petroni, Fabio and Karpukhin, Vladimir and Goyal, Naman and K{\"u}ttler, Heinrich and Ott, Myle and Chen, Wen-tau and Conneau, Alexis and others},
  title     = {Retrieval-Augmented Generation for Knowledge-Intensive {NLP} Tasks},
  booktitle = {Advances in Neural Information Processing Systems},
  year      = {2020},
  url       = {https://proceedings.neurips.cc/paper/2020/hash/6b493230205f7828e58650c43b119545-Abstract.html},
  note      = {The seminal paper on Retrieval-Augmented Generation (RAG).}
}

@misc{ecapture,
  author       = {eCapture Authors},
  title        = {{eCapture}: Capture SSL/TLS text content without a CA certificate},
  year         = {2022},
  howpublished = {\url{https://github.com/gojue/ecapture}},
  note         = {An eBPF-based tool for TLS plaintext extraction. Accessed: July 25, 2025.}
}

@article{modelarmor2025,
  title   = {Model Armor: Built-in {LLM} Governance in {Apigee}},
  author  = {{Google Cloud}},
  journal = {InfoQ},
  year    = {2025},
  url     = {https://www.infoq.com/news/2025/07/google-apigee-llm-model-armor/},
  note    = {API-layer security for LLM traffic. Accessed: July 25, 2025.}
}

@inproceedings{bettercheck2025,
  title     = {{BetterCheck}: Safeguarding Vision-Language Models for Automotive Perception},
  author    = {M{\"u}ller, Andreas and others},
  booktitle = {Conference on Computer Vision and Pattern Recognition (CVPR)},
  year      = {2025},
  url       = {http://paperreading.club/page?id=325639},
  note      = {Example of hallucination detection in autonomous systems.}
}

@misc{polarproxy,
  title        = {PolarProxy TLS Interception},
  author       = {Hjelmvik, Erik},
  year         = {2020},
  howpublished = {\url{https://www.netresec.com/?page=PolarProxy}},
  note         = {TLS interception proxy for packet analysis. Accessed: July 25, 2025.}
}

@misc{sslsplit,
  title        = {{sslsplit}: Transparent {SSL/TLS} Interception},
  author       = {Roethlisberger, Daniel},
  year         = {2015},
  howpublished = {\url{https://www.roe.ch/SSLsplit}},
  note         = {A man-in-the-middle tool for network traffic decryption. Accessed: July 25, 2025.}
}